%YAML 1.1
%TAG !u! tag:unity3d.com,2011:
--- !u!29 &1
OcclusionCullingSettings:
  m_ObjectHideFlags: 0
  serializedVersion: 2
  m_OcclusionBakeSettings:
    smallestOccluder: 5
    smallestHole: 0.25
    backfaceThreshold: 100
  m_SceneGUID: 00000000000000000000000000000000
  m_OcclusionCullingData: {fileID: 0}
--- !u!104 &2
RenderSettings:
  m_ObjectHideFlags: 0
  serializedVersion: 9
  m_Fog: 0
  m_FogColor: {r: 0.5, g: 0.5, b: 0.5, a: 1}
  m_FogMode: 3
  m_FogDensity: 0.01
  m_LinearFogStart: 0
  m_LinearFogEnd: 300
  m_AmbientSkyColor: {r: 0.212, g: 0.227, b: 0.259, a: 1}
  m_AmbientEquatorColor: {r: 0.114, g: 0.125, b: 0.133, a: 1}
  m_AmbientGroundColor: {r: 0.047, g: 0.043, b: 0.035, a: 1}
  m_AmbientIntensity: 1
  m_AmbientMode: 3
  m_SubtractiveShadowColor: {r: 0.42, g: 0.478, b: 0.627, a: 1}
  m_SkyboxMaterial: {fileID: 0}
  m_HaloStrength: 0.5
  m_FlareStrength: 1
  m_FlareFadeSpeed: 3
  m_HaloTexture: {fileID: 0}
  m_SpotCookie: {fileID: 10001, guid: 0000000000000000e000000000000000, type: 0}
  m_DefaultReflectionMode: 0
  m_DefaultReflectionResolution: 128
  m_ReflectionBounces: 1
  m_ReflectionIntensity: 1
  m_CustomReflection: {fileID: 0}
  m_Sun: {fileID: 0}
  m_IndirectSpecularColor: {r: 0, g: 0, b: 0, a: 1}
  m_UseRadianceAmbientProbe: 0
--- !u!157 &3
LightmapSettings:
  m_ObjectHideFlags: 0
  serializedVersion: 11
  m_GIWorkflowMode: 1
  m_GISettings:
    serializedVersion: 2
    m_BounceScale: 1
    m_IndirectOutputScale: 1
    m_AlbedoBoost: 1
    m_EnvironmentLightingMode: 0
    m_EnableBakedLightmaps: 0
    m_EnableRealtimeLightmaps: 0
  m_LightmapEditorSettings:
    serializedVersion: 12
    m_Resolution: 2
    m_BakeResolution: 40
    m_AtlasSize: 1024
    m_AO: 0
    m_AOMaxDistance: 1
    m_CompAOExponent: 1
    m_CompAOExponentDirect: 0
    m_ExtractAmbientOcclusion: 0
    m_Padding: 2
    m_LightmapParameters: {fileID: 0}
    m_LightmapsBakeMode: 1
    m_TextureCompression: 1
    m_FinalGather: 0
    m_FinalGatherFiltering: 1
    m_FinalGatherRayCount: 256
    m_ReflectionCompression: 2
    m_MixedBakeMode: 2
    m_BakeBackend: 1
    m_PVRSampling: 1
    m_PVRDirectSampleCount: 32
    m_PVRSampleCount: 512
    m_PVRBounces: 2
    m_PVREnvironmentSampleCount: 256
    m_PVREnvironmentReferencePointCount: 2048
    m_PVRFilteringMode: 1
    m_PVRDenoiserTypeDirect: 1
    m_PVRDenoiserTypeIndirect: 1
    m_PVRDenoiserTypeAO: 1
    m_PVRFilterTypeDirect: 0
    m_PVRFilterTypeIndirect: 0
    m_PVRFilterTypeAO: 0
    m_PVREnvironmentMIS: 1
    m_PVRCulling: 1
    m_PVRFilteringGaussRadiusDirect: 1
    m_PVRFilteringGaussRadiusIndirect: 5
    m_PVRFilteringGaussRadiusAO: 2
    m_PVRFilteringAtrousPositionSigmaDirect: 0.5
    m_PVRFilteringAtrousPositionSigmaIndirect: 2
    m_PVRFilteringAtrousPositionSigmaAO: 1
    m_ExportTrainingData: 0
    m_TrainingDataDestination: TrainingData
  m_LightingDataAsset: {fileID: 0}
  m_UseShadowmask: 1
--- !u!196 &4
NavMeshSettings:
  serializedVersion: 2
  m_ObjectHideFlags: 0
  m_BuildSettings:
    serializedVersion: 2
    agentTypeID: 0
    agentRadius: 0.5
    agentHeight: 2
    agentSlope: 45
    agentClimb: 0.4
    ledgeDropHeight: 0
    maxJumpAcrossDistance: 0
    minRegionArea: 2
    manualCellSize: 0
    cellSize: 0.16666667
    manualTileSize: 0
    tileSize: 256
    accuratePlacement: 0
    debug:
      m_Flags: 0
  m_NavMeshData: {fileID: 0}
--- !u!1001 &183702075
PrefabInstance:
  m_ObjectHideFlags: 0
  serializedVersion: 2
  m_Modification:
    m_TransformParent: {fileID: 0}
    m_Modifications:
    - target: {fileID: 1713915902311232453, guid: ac861abe180ff37438ddb0ce8308dcb5,
        type: 3}
      propertyPath: m_Name
      value: Enemy1
      objectReference: {fileID: 0}
    - target: {fileID: 1713915902311232456, guid: ac861abe180ff37438ddb0ce8308dcb5,
        type: 3}
      propertyPath: m_LocalPosition.x
      value: -8.7663145
      objectReference: {fileID: 0}
    - target: {fileID: 1713915902311232456, guid: ac861abe180ff37438ddb0ce8308dcb5,
        type: 3}
      propertyPath: m_LocalPosition.y
      value: -4.294671
      objectReference: {fileID: 0}
    - target: {fileID: 1713915902311232456, guid: ac861abe180ff37438ddb0ce8308dcb5,
        type: 3}
      propertyPath: m_LocalPosition.z
      value: 0
      objectReference: {fileID: 0}
    - target: {fileID: 1713915902311232456, guid: ac861abe180ff37438ddb0ce8308dcb5,
        type: 3}
      propertyPath: m_LocalRotation.x
      value: 0
      objectReference: {fileID: 0}
    - target: {fileID: 1713915902311232456, guid: ac861abe180ff37438ddb0ce8308dcb5,
        type: 3}
      propertyPath: m_LocalRotation.y
      value: 0
      objectReference: {fileID: 0}
    - target: {fileID: 1713915902311232456, guid: ac861abe180ff37438ddb0ce8308dcb5,
        type: 3}
      propertyPath: m_LocalRotation.z
      value: 0
      objectReference: {fileID: 0}
    - target: {fileID: 1713915902311232456, guid: ac861abe180ff37438ddb0ce8308dcb5,
        type: 3}
      propertyPath: m_LocalRotation.w
      value: 1
      objectReference: {fileID: 0}
    - target: {fileID: 1713915902311232456, guid: ac861abe180ff37438ddb0ce8308dcb5,
        type: 3}
      propertyPath: m_RootOrder
      value: 16
      objectReference: {fileID: 0}
    - target: {fileID: 1713915902311232456, guid: ac861abe180ff37438ddb0ce8308dcb5,
        type: 3}
      propertyPath: m_LocalEulerAnglesHint.x
      value: 0
      objectReference: {fileID: 0}
    - target: {fileID: 1713915902311232456, guid: ac861abe180ff37438ddb0ce8308dcb5,
        type: 3}
      propertyPath: m_LocalEulerAnglesHint.y
      value: 0
      objectReference: {fileID: 0}
    - target: {fileID: 1713915902311232456, guid: ac861abe180ff37438ddb0ce8308dcb5,
        type: 3}
      propertyPath: m_LocalEulerAnglesHint.z
      value: 0
      objectReference: {fileID: 0}
    m_RemovedComponents: []
  m_SourcePrefab: {fileID: 100100000, guid: ac861abe180ff37438ddb0ce8308dcb5, type: 3}
--- !u!1 &289405525
GameObject:
  m_ObjectHideFlags: 0
  m_CorrespondingSourceObject: {fileID: 0}
  m_PrefabInstance: {fileID: 0}
  m_PrefabAsset: {fileID: 0}
  serializedVersion: 6
  m_Component:
  - component: {fileID: 289405528}
  - component: {fileID: 289405527}
  - component: {fileID: 289405526}
  m_Layer: 0
  m_Name: Main Camera
  m_TagString: MainCamera
  m_Icon: {fileID: 0}
  m_NavMeshLayer: 0
  m_StaticEditorFlags: 0
  m_IsActive: 1
--- !u!81 &289405526
AudioListener:
  m_ObjectHideFlags: 0
  m_CorrespondingSourceObject: {fileID: 0}
  m_PrefabInstance: {fileID: 0}
  m_PrefabAsset: {fileID: 0}
  m_GameObject: {fileID: 289405525}
  m_Enabled: 1
--- !u!20 &289405527
Camera:
  m_ObjectHideFlags: 0
  m_CorrespondingSourceObject: {fileID: 0}
  m_PrefabInstance: {fileID: 0}
  m_PrefabAsset: {fileID: 0}
  m_GameObject: {fileID: 289405525}
  m_Enabled: 1
  serializedVersion: 2
  m_ClearFlags: 1
  m_BackGroundColor: {r: 0.4433962, g: 0.4433962, b: 0.4433962, a: 0}
  m_projectionMatrixMode: 1
  m_GateFitMode: 2
  m_FOVAxisMode: 0
  m_SensorSize: {x: 36, y: 24}
  m_LensShift: {x: 0, y: 0}
  m_FocalLength: 50
  m_NormalizedViewPortRect:
    serializedVersion: 2
    x: 0
    y: 0
    width: 1
    height: 1
  near clip plane: 0.3
  far clip plane: 1000
  field of view: 60
  orthographic: 1
  orthographic size: 5
  m_Depth: -1
  m_CullingMask:
    serializedVersion: 2
    m_Bits: 4294967295
  m_RenderingPath: -1
  m_TargetTexture: {fileID: 0}
  m_TargetDisplay: 0
  m_TargetEye: 3
  m_HDR: 1
  m_AllowMSAA: 1
  m_AllowDynamicResolution: 0
  m_ForceIntoRT: 0
  m_OcclusionCulling: 1
  m_StereoConvergence: 10
  m_StereoSeparation: 0.022
--- !u!4 &289405528
Transform:
  m_ObjectHideFlags: 0
  m_CorrespondingSourceObject: {fileID: 0}
  m_PrefabInstance: {fileID: 0}
  m_PrefabAsset: {fileID: 0}
  m_GameObject: {fileID: 289405525}
  m_LocalRotation: {x: 0, y: 0, z: 0, w: 1}
  m_LocalPosition: {x: 0, y: 0, z: -10}
  m_LocalScale: {x: 1, y: 1, z: 1}
  m_Children: []
  m_Father: {fileID: 0}
  m_RootOrder: 0
  m_LocalEulerAnglesHint: {x: 0, y: 0, z: 0}
--- !u!1001 &352621610
PrefabInstance:
  m_ObjectHideFlags: 0
  serializedVersion: 2
  m_Modification:
    m_TransformParent: {fileID: 0}
    m_Modifications:
    - target: {fileID: 1224753552851279011, guid: 983eef10f29fc264fada611a477fca7e,
        type: 3}
      propertyPath: m_LocalPosition.x
      value: 8.870578
      objectReference: {fileID: 0}
    - target: {fileID: 1224753552851279011, guid: 983eef10f29fc264fada611a477fca7e,
        type: 3}
      propertyPath: m_LocalPosition.y
      value: -0.58164084
      objectReference: {fileID: 0}
    - target: {fileID: 1224753552851279011, guid: 983eef10f29fc264fada611a477fca7e,
        type: 3}
      propertyPath: m_LocalPosition.z
      value: 0
      objectReference: {fileID: 0}
    - target: {fileID: 1224753552851279011, guid: 983eef10f29fc264fada611a477fca7e,
        type: 3}
      propertyPath: m_LocalRotation.x
      value: 0
      objectReference: {fileID: 0}
    - target: {fileID: 1224753552851279011, guid: 983eef10f29fc264fada611a477fca7e,
        type: 3}
      propertyPath: m_LocalRotation.y
      value: 0
      objectReference: {fileID: 0}
    - target: {fileID: 1224753552851279011, guid: 983eef10f29fc264fada611a477fca7e,
        type: 3}
      propertyPath: m_LocalRotation.z
      value: 0
      objectReference: {fileID: 0}
    - target: {fileID: 1224753552851279011, guid: 983eef10f29fc264fada611a477fca7e,
        type: 3}
      propertyPath: m_LocalRotation.w
      value: 1
      objectReference: {fileID: 0}
    - target: {fileID: 1224753552851279011, guid: 983eef10f29fc264fada611a477fca7e,
        type: 3}
      propertyPath: m_RootOrder
      value: 10
      objectReference: {fileID: 0}
    - target: {fileID: 1224753552851279011, guid: 983eef10f29fc264fada611a477fca7e,
        type: 3}
      propertyPath: m_LocalEulerAnglesHint.x
      value: 0
      objectReference: {fileID: 0}
    - target: {fileID: 1224753552851279011, guid: 983eef10f29fc264fada611a477fca7e,
        type: 3}
      propertyPath: m_LocalEulerAnglesHint.y
      value: 0
      objectReference: {fileID: 0}
    - target: {fileID: 1224753552851279011, guid: 983eef10f29fc264fada611a477fca7e,
        type: 3}
      propertyPath: m_LocalEulerAnglesHint.z
      value: 0
      objectReference: {fileID: 0}
    - target: {fileID: 1224753552851279014, guid: 983eef10f29fc264fada611a477fca7e,
        type: 3}
      propertyPath: m_Name
      value: Enemy3 (2)
      objectReference: {fileID: 0}
    m_RemovedComponents: []
  m_SourcePrefab: {fileID: 100100000, guid: 983eef10f29fc264fada611a477fca7e, type: 3}
--- !u!1001 &532584932
PrefabInstance:
  m_ObjectHideFlags: 0
  serializedVersion: 2
  m_Modification:
    m_TransformParent: {fileID: 2109311205}
    m_Modifications:
    - target: {fileID: 2732601736822401328, guid: 856b20de94d445b4b84aa5491606f772,
        type: 3}
      propertyPath: m_Name
      value: redbutton
      objectReference: {fileID: 0}
    - target: {fileID: 2732601736822401334, guid: 856b20de94d445b4b84aa5491606f772,
        type: 3}
      propertyPath: m_OnClick.m_PersistentCalls.m_Calls.Array.data[0].m_Target
      value: 
      objectReference: {fileID: 1278428896}
    - target: {fileID: 2732601736822401334, guid: 856b20de94d445b4b84aa5491606f772,
        type: 3}
      propertyPath: m_OnClick.m_PersistentCalls.m_Calls.Array.data[0].m_MethodName
      value: level2
      objectReference: {fileID: 0}
    - target: {fileID: 2732601736822401335, guid: 856b20de94d445b4b84aa5491606f772,
        type: 3}
      propertyPath: m_LocalPosition.x
      value: 0
      objectReference: {fileID: 0}
    - target: {fileID: 2732601736822401335, guid: 856b20de94d445b4b84aa5491606f772,
        type: 3}
      propertyPath: m_LocalPosition.y
      value: 0
      objectReference: {fileID: 0}
    - target: {fileID: 2732601736822401335, guid: 856b20de94d445b4b84aa5491606f772,
        type: 3}
      propertyPath: m_LocalPosition.z
      value: 0
      objectReference: {fileID: 0}
    - target: {fileID: 2732601736822401335, guid: 856b20de94d445b4b84aa5491606f772,
        type: 3}
      propertyPath: m_LocalRotation.x
      value: -0
      objectReference: {fileID: 0}
    - target: {fileID: 2732601736822401335, guid: 856b20de94d445b4b84aa5491606f772,
        type: 3}
      propertyPath: m_LocalRotation.y
      value: -0
      objectReference: {fileID: 0}
    - target: {fileID: 2732601736822401335, guid: 856b20de94d445b4b84aa5491606f772,
        type: 3}
      propertyPath: m_LocalRotation.z
      value: -0
      objectReference: {fileID: 0}
    - target: {fileID: 2732601736822401335, guid: 856b20de94d445b4b84aa5491606f772,
        type: 3}
      propertyPath: m_LocalRotation.w
      value: 1
      objectReference: {fileID: 0}
    - target: {fileID: 2732601736822401335, guid: 856b20de94d445b4b84aa5491606f772,
        type: 3}
      propertyPath: m_RootOrder
      value: 0
      objectReference: {fileID: 0}
    - target: {fileID: 2732601736822401335, guid: 856b20de94d445b4b84aa5491606f772,
        type: 3}
      propertyPath: m_LocalEulerAnglesHint.x
      value: 0
      objectReference: {fileID: 0}
    - target: {fileID: 2732601736822401335, guid: 856b20de94d445b4b84aa5491606f772,
        type: 3}
      propertyPath: m_LocalEulerAnglesHint.y
      value: 0
      objectReference: {fileID: 0}
    - target: {fileID: 2732601736822401335, guid: 856b20de94d445b4b84aa5491606f772,
        type: 3}
      propertyPath: m_LocalEulerAnglesHint.z
      value: 0
      objectReference: {fileID: 0}
    - target: {fileID: 2732601736822401335, guid: 856b20de94d445b4b84aa5491606f772,
        type: 3}
      propertyPath: m_AnchoredPosition.x
      value: 335
      objectReference: {fileID: 0}
    - target: {fileID: 2732601736822401335, guid: 856b20de94d445b4b84aa5491606f772,
        type: 3}
      propertyPath: m_AnchoredPosition.y
      value: -100
      objectReference: {fileID: 0}
    - target: {fileID: 2732601736822401335, guid: 856b20de94d445b4b84aa5491606f772,
        type: 3}
      propertyPath: m_SizeDelta.x
      value: 232.3
      objectReference: {fileID: 0}
    - target: {fileID: 2732601736822401335, guid: 856b20de94d445b4b84aa5491606f772,
        type: 3}
      propertyPath: m_SizeDelta.y
      value: 43.5
      objectReference: {fileID: 0}
    - target: {fileID: 2732601736822401335, guid: 856b20de94d445b4b84aa5491606f772,
        type: 3}
      propertyPath: m_AnchorMin.x
      value: 0.5
      objectReference: {fileID: 0}
    - target: {fileID: 2732601736822401335, guid: 856b20de94d445b4b84aa5491606f772,
        type: 3}
      propertyPath: m_AnchorMin.y
      value: 0.5
      objectReference: {fileID: 0}
    - target: {fileID: 2732601736822401335, guid: 856b20de94d445b4b84aa5491606f772,
        type: 3}
      propertyPath: m_AnchorMax.x
      value: 0.5
      objectReference: {fileID: 0}
    - target: {fileID: 2732601736822401335, guid: 856b20de94d445b4b84aa5491606f772,
        type: 3}
      propertyPath: m_AnchorMax.y
      value: 0.5
      objectReference: {fileID: 0}
    - target: {fileID: 2732601736822401335, guid: 856b20de94d445b4b84aa5491606f772,
        type: 3}
      propertyPath: m_Pivot.x
      value: 0.5
      objectReference: {fileID: 0}
    - target: {fileID: 2732601736822401335, guid: 856b20de94d445b4b84aa5491606f772,
        type: 3}
      propertyPath: m_Pivot.y
      value: 0.5
      objectReference: {fileID: 0}
    - target: {fileID: 2732601737834094209, guid: 856b20de94d445b4b84aa5491606f772,
        type: 3}
      propertyPath: m_Text
      value: expert
      objectReference: {fileID: 0}
    m_RemovedComponents: []
  m_SourcePrefab: {fileID: 100100000, guid: 856b20de94d445b4b84aa5491606f772, type: 3}
--- !u!224 &532584933 stripped
RectTransform:
  m_CorrespondingSourceObject: {fileID: 2732601736822401335, guid: 856b20de94d445b4b84aa5491606f772,
    type: 3}
  m_PrefabInstance: {fileID: 532584932}
  m_PrefabAsset: {fileID: 0}
--- !u!1001 &573731862
PrefabInstance:
  m_ObjectHideFlags: 0
  serializedVersion: 2
  m_Modification:
    m_TransformParent: {fileID: 0}
    m_Modifications:
    - target: {fileID: 1224753552851279011, guid: 983eef10f29fc264fada611a477fca7e,
        type: 3}
      propertyPath: m_LocalPosition.x
      value: -0.5667064
      objectReference: {fileID: 0}
    - target: {fileID: 1224753552851279011, guid: 983eef10f29fc264fada611a477fca7e,
        type: 3}
      propertyPath: m_LocalPosition.y
      value: 4.291711
      objectReference: {fileID: 0}
    - target: {fileID: 1224753552851279011, guid: 983eef10f29fc264fada611a477fca7e,
        type: 3}
      propertyPath: m_LocalPosition.z
      value: 0
      objectReference: {fileID: 0}
    - target: {fileID: 1224753552851279011, guid: 983eef10f29fc264fada611a477fca7e,
        type: 3}
      propertyPath: m_LocalRotation.x
      value: 0
      objectReference: {fileID: 0}
    - target: {fileID: 1224753552851279011, guid: 983eef10f29fc264fada611a477fca7e,
        type: 3}
      propertyPath: m_LocalRotation.y
      value: 0
      objectReference: {fileID: 0}
    - target: {fileID: 1224753552851279011, guid: 983eef10f29fc264fada611a477fca7e,
        type: 3}
      propertyPath: m_LocalRotation.z
      value: 0
      objectReference: {fileID: 0}
    - target: {fileID: 1224753552851279011, guid: 983eef10f29fc264fada611a477fca7e,
        type: 3}
      propertyPath: m_LocalRotation.w
      value: 1
      objectReference: {fileID: 0}
    - target: {fileID: 1224753552851279011, guid: 983eef10f29fc264fada611a477fca7e,
        type: 3}
      propertyPath: m_RootOrder
      value: 9
      objectReference: {fileID: 0}
    - target: {fileID: 1224753552851279011, guid: 983eef10f29fc264fada611a477fca7e,
        type: 3}
      propertyPath: m_LocalEulerAnglesHint.x
      value: 0
      objectReference: {fileID: 0}
    - target: {fileID: 1224753552851279011, guid: 983eef10f29fc264fada611a477fca7e,
        type: 3}
      propertyPath: m_LocalEulerAnglesHint.y
      value: 0
      objectReference: {fileID: 0}
    - target: {fileID: 1224753552851279011, guid: 983eef10f29fc264fada611a477fca7e,
        type: 3}
      propertyPath: m_LocalEulerAnglesHint.z
      value: 0
      objectReference: {fileID: 0}
    - target: {fileID: 1224753552851279014, guid: 983eef10f29fc264fada611a477fca7e,
        type: 3}
      propertyPath: m_Name
      value: Enemy3 (3)
      objectReference: {fileID: 0}
    m_RemovedComponents: []
  m_SourcePrefab: {fileID: 100100000, guid: 983eef10f29fc264fada611a477fca7e, type: 3}
--- !u!1001 &661795062
PrefabInstance:
  m_ObjectHideFlags: 0
  serializedVersion: 2
  m_Modification:
    m_TransformParent: {fileID: 0}
    m_Modifications:
    - target: {fileID: 1713915902311232453, guid: ac861abe180ff37438ddb0ce8308dcb5,
        type: 3}
      propertyPath: m_Name
      value: Enemy1 (2)
      objectReference: {fileID: 0}
    - target: {fileID: 1713915902311232456, guid: ac861abe180ff37438ddb0ce8308dcb5,
        type: 3}
      propertyPath: m_LocalPosition.x
      value: -9.333583
      objectReference: {fileID: 0}
    - target: {fileID: 1713915902311232456, guid: ac861abe180ff37438ddb0ce8308dcb5,
        type: 3}
      propertyPath: m_LocalPosition.y
      value: 4.343281
      objectReference: {fileID: 0}
    - target: {fileID: 1713915902311232456, guid: ac861abe180ff37438ddb0ce8308dcb5,
        type: 3}
      propertyPath: m_LocalPosition.z
      value: 0
      objectReference: {fileID: 0}
    - target: {fileID: 1713915902311232456, guid: ac861abe180ff37438ddb0ce8308dcb5,
        type: 3}
      propertyPath: m_LocalRotation.x
      value: 0
      objectReference: {fileID: 0}
    - target: {fileID: 1713915902311232456, guid: ac861abe180ff37438ddb0ce8308dcb5,
        type: 3}
      propertyPath: m_LocalRotation.y
      value: 0
      objectReference: {fileID: 0}
    - target: {fileID: 1713915902311232456, guid: ac861abe180ff37438ddb0ce8308dcb5,
        type: 3}
      propertyPath: m_LocalRotation.z
      value: 0
      objectReference: {fileID: 0}
    - target: {fileID: 1713915902311232456, guid: ac861abe180ff37438ddb0ce8308dcb5,
        type: 3}
      propertyPath: m_LocalRotation.w
      value: 1
      objectReference: {fileID: 0}
    - target: {fileID: 1713915902311232456, guid: ac861abe180ff37438ddb0ce8308dcb5,
        type: 3}
      propertyPath: m_RootOrder
      value: 14
      objectReference: {fileID: 0}
    - target: {fileID: 1713915902311232456, guid: ac861abe180ff37438ddb0ce8308dcb5,
        type: 3}
      propertyPath: m_LocalEulerAnglesHint.x
      value: 0
      objectReference: {fileID: 0}
    - target: {fileID: 1713915902311232456, guid: ac861abe180ff37438ddb0ce8308dcb5,
        type: 3}
      propertyPath: m_LocalEulerAnglesHint.y
      value: 0
      objectReference: {fileID: 0}
    - target: {fileID: 1713915902311232456, guid: ac861abe180ff37438ddb0ce8308dcb5,
        type: 3}
      propertyPath: m_LocalEulerAnglesHint.z
      value: 0
      objectReference: {fileID: 0}
    m_RemovedComponents: []
  m_SourcePrefab: {fileID: 100100000, guid: ac861abe180ff37438ddb0ce8308dcb5, type: 3}
--- !u!1001 &662433832
PrefabInstance:
  m_ObjectHideFlags: 0
  serializedVersion: 2
  m_Modification:
    m_TransformParent: {fileID: 0}
    m_Modifications:
    - target: {fileID: 7752073474511235387, guid: f8802717a1fb95640b6b4bcdf2ef1751,
        type: 3}
      propertyPath: m_Name
      value: Enemy4 (2)
      objectReference: {fileID: 0}
    - target: {fileID: 7752073474511235388, guid: f8802717a1fb95640b6b4bcdf2ef1751,
        type: 3}
      propertyPath: m_LocalPosition.x
      value: 9.102643
      objectReference: {fileID: 0}
    - target: {fileID: 7752073474511235388, guid: f8802717a1fb95640b6b4bcdf2ef1751,
        type: 3}
      propertyPath: m_LocalPosition.y
      value: -2.3350163
      objectReference: {fileID: 0}
    - target: {fileID: 7752073474511235388, guid: f8802717a1fb95640b6b4bcdf2ef1751,
        type: 3}
      propertyPath: m_LocalPosition.z
      value: 0
      objectReference: {fileID: 0}
    - target: {fileID: 7752073474511235388, guid: f8802717a1fb95640b6b4bcdf2ef1751,
        type: 3}
      propertyPath: m_LocalRotation.x
      value: 0
      objectReference: {fileID: 0}
    - target: {fileID: 7752073474511235388, guid: f8802717a1fb95640b6b4bcdf2ef1751,
        type: 3}
      propertyPath: m_LocalRotation.y
      value: 0
      objectReference: {fileID: 0}
    - target: {fileID: 7752073474511235388, guid: f8802717a1fb95640b6b4bcdf2ef1751,
        type: 3}
      propertyPath: m_LocalRotation.z
      value: 0
      objectReference: {fileID: 0}
    - target: {fileID: 7752073474511235388, guid: f8802717a1fb95640b6b4bcdf2ef1751,
        type: 3}
      propertyPath: m_LocalRotation.w
      value: 1
      objectReference: {fileID: 0}
    - target: {fileID: 7752073474511235388, guid: f8802717a1fb95640b6b4bcdf2ef1751,
        type: 3}
      propertyPath: m_RootOrder
      value: 2
      objectReference: {fileID: 0}
    - target: {fileID: 7752073474511235388, guid: f8802717a1fb95640b6b4bcdf2ef1751,
        type: 3}
      propertyPath: m_LocalEulerAnglesHint.x
      value: 0
      objectReference: {fileID: 0}
    - target: {fileID: 7752073474511235388, guid: f8802717a1fb95640b6b4bcdf2ef1751,
        type: 3}
      propertyPath: m_LocalEulerAnglesHint.y
      value: 0
      objectReference: {fileID: 0}
    - target: {fileID: 7752073474511235388, guid: f8802717a1fb95640b6b4bcdf2ef1751,
        type: 3}
      propertyPath: m_LocalEulerAnglesHint.z
      value: 0
      objectReference: {fileID: 0}
    m_RemovedComponents: []
  m_SourcePrefab: {fileID: 100100000, guid: f8802717a1fb95640b6b4bcdf2ef1751, type: 3}
--- !u!1001 &696633919
PrefabInstance:
  m_ObjectHideFlags: 0
  serializedVersion: 2
  m_Modification:
    m_TransformParent: {fileID: 2109311205}
    m_Modifications:
    - target: {fileID: 149858029900414080, guid: b089033a69b446248b6faf4f0f376f19,
        type: 3}
      propertyPath: m_LocalPosition.x
      value: 0
      objectReference: {fileID: 0}
    - target: {fileID: 149858029900414080, guid: b089033a69b446248b6faf4f0f376f19,
        type: 3}
      propertyPath: m_LocalPosition.y
      value: 0
      objectReference: {fileID: 0}
    - target: {fileID: 149858029900414080, guid: b089033a69b446248b6faf4f0f376f19,
        type: 3}
      propertyPath: m_LocalPosition.z
      value: 0
      objectReference: {fileID: 0}
    - target: {fileID: 149858029900414080, guid: b089033a69b446248b6faf4f0f376f19,
        type: 3}
      propertyPath: m_LocalRotation.x
      value: 0
      objectReference: {fileID: 0}
    - target: {fileID: 149858029900414080, guid: b089033a69b446248b6faf4f0f376f19,
        type: 3}
      propertyPath: m_LocalRotation.y
      value: 0
      objectReference: {fileID: 0}
    - target: {fileID: 149858029900414080, guid: b089033a69b446248b6faf4f0f376f19,
        type: 3}
      propertyPath: m_LocalRotation.z
      value: 0
      objectReference: {fileID: 0}
    - target: {fileID: 149858029900414080, guid: b089033a69b446248b6faf4f0f376f19,
        type: 3}
      propertyPath: m_LocalRotation.w
      value: 1
      objectReference: {fileID: 0}
    - target: {fileID: 149858029900414080, guid: b089033a69b446248b6faf4f0f376f19,
        type: 3}
      propertyPath: m_RootOrder
      value: 2
      objectReference: {fileID: 0}
    - target: {fileID: 149858029900414080, guid: b089033a69b446248b6faf4f0f376f19,
        type: 3}
      propertyPath: m_LocalEulerAnglesHint.x
      value: 0
      objectReference: {fileID: 0}
    - target: {fileID: 149858029900414080, guid: b089033a69b446248b6faf4f0f376f19,
        type: 3}
      propertyPath: m_LocalEulerAnglesHint.y
      value: 0
      objectReference: {fileID: 0}
    - target: {fileID: 149858029900414080, guid: b089033a69b446248b6faf4f0f376f19,
        type: 3}
      propertyPath: m_LocalEulerAnglesHint.z
      value: 0
      objectReference: {fileID: 0}
    - target: {fileID: 149858029900414080, guid: b089033a69b446248b6faf4f0f376f19,
        type: 3}
      propertyPath: m_AnchoredPosition.x
      value: -33
      objectReference: {fileID: 0}
    - target: {fileID: 149858029900414080, guid: b089033a69b446248b6faf4f0f376f19,
        type: 3}
      propertyPath: m_AnchoredPosition.y
      value: -259
      objectReference: {fileID: 0}
    - target: {fileID: 149858029900414080, guid: b089033a69b446248b6faf4f0f376f19,
        type: 3}
      propertyPath: m_SizeDelta.x
      value: 270.2
      objectReference: {fileID: 0}
    - target: {fileID: 149858029900414080, guid: b089033a69b446248b6faf4f0f376f19,
        type: 3}
      propertyPath: m_SizeDelta.y
      value: 50.700012
      objectReference: {fileID: 0}
    - target: {fileID: 149858029900414080, guid: b089033a69b446248b6faf4f0f376f19,
        type: 3}
      propertyPath: m_AnchorMin.x
      value: 0.5
      objectReference: {fileID: 0}
    - target: {fileID: 149858029900414080, guid: b089033a69b446248b6faf4f0f376f19,
        type: 3}
      propertyPath: m_AnchorMin.y
      value: 0.5
      objectReference: {fileID: 0}
    - target: {fileID: 149858029900414080, guid: b089033a69b446248b6faf4f0f376f19,
        type: 3}
      propertyPath: m_AnchorMax.x
      value: 0.5
      objectReference: {fileID: 0}
    - target: {fileID: 149858029900414080, guid: b089033a69b446248b6faf4f0f376f19,
        type: 3}
      propertyPath: m_AnchorMax.y
      value: 0.5
      objectReference: {fileID: 0}
    - target: {fileID: 149858029900414080, guid: b089033a69b446248b6faf4f0f376f19,
        type: 3}
      propertyPath: m_Pivot.x
      value: 0.5
      objectReference: {fileID: 0}
    - target: {fileID: 149858029900414080, guid: b089033a69b446248b6faf4f0f376f19,
        type: 3}
      propertyPath: m_Pivot.y
      value: 0.5
      objectReference: {fileID: 0}
    - target: {fileID: 149858029900414081, guid: b089033a69b446248b6faf4f0f376f19,
        type: 3}
      propertyPath: m_OnClick.m_PersistentCalls.m_Calls.Array.data[0].m_Target
      value: 
      objectReference: {fileID: 1278428896}
    - target: {fileID: 149858029900414081, guid: b089033a69b446248b6faf4f0f376f19,
        type: 3}
      propertyPath: m_OnClick.m_PersistentCalls.m_Calls.Array.data[0].m_MethodName
      value: Menu
      objectReference: {fileID: 0}
    - target: {fileID: 149858029900414095, guid: b089033a69b446248b6faf4f0f376f19,
        type: 3}
      propertyPath: m_Name
      value: MenuButton
      objectReference: {fileID: 0}
    - target: {fileID: 149858030375228777, guid: b089033a69b446248b6faf4f0f376f19,
        type: 3}
      propertyPath: m_FontData.m_FontSize
      value: 31
      objectReference: {fileID: 0}
    m_RemovedComponents: []
  m_SourcePrefab: {fileID: 100100000, guid: b089033a69b446248b6faf4f0f376f19, type: 3}
--- !u!1 &777955119
GameObject:
  m_ObjectHideFlags: 0
  m_CorrespondingSourceObject: {fileID: 0}
  m_PrefabInstance: {fileID: 0}
  m_PrefabAsset: {fileID: 0}
  serializedVersion: 6
  m_Component:
  - component: {fileID: 777955121}
  - component: {fileID: 777955120}
  m_Layer: 0
  m_Name: SteviaSphere_GlacierZone
  m_TagString: Untagged
  m_Icon: {fileID: 0}
  m_NavMeshLayer: 0
  m_StaticEditorFlags: 0
  m_IsActive: 1
--- !u!82 &777955120
AudioSource:
  m_ObjectHideFlags: 0
  m_CorrespondingSourceObject: {fileID: 0}
  m_PrefabInstance: {fileID: 0}
  m_PrefabAsset: {fileID: 0}
  m_GameObject: {fileID: 777955119}
  m_Enabled: 1
  serializedVersion: 4
  OutputAudioMixerGroup: {fileID: 0}
  m_audioClip: {fileID: 8300000, guid: e67ba95228361f74da984f87697b9359, type: 3}
  m_PlayOnAwake: 1
  m_Volume: 1
  m_Pitch: 1
  Loop: 1
  Mute: 0
  Spatialize: 0
  SpatializePostEffects: 0
  Priority: 128
  DopplerLevel: 1
  MinDistance: 1
  MaxDistance: 500
  Pan2D: 0
  rolloffMode: 0
  BypassEffects: 0
  BypassListenerEffects: 0
  BypassReverbZones: 0
  rolloffCustomCurve:
    serializedVersion: 2
    m_Curve:
    - serializedVersion: 3
      time: 0
      value: 1
      inSlope: 0
      outSlope: 0
      tangentMode: 0
      weightedMode: 0
      inWeight: 0.33333334
      outWeight: 0.33333334
    - serializedVersion: 3
      time: 1
      value: 0
      inSlope: 0
      outSlope: 0
      tangentMode: 0
      weightedMode: 0
      inWeight: 0.33333334
      outWeight: 0.33333334
    m_PreInfinity: 2
    m_PostInfinity: 2
    m_RotationOrder: 4
  panLevelCustomCurve:
    serializedVersion: 2
    m_Curve:
    - serializedVersion: 3
      time: 0
      value: 0
      inSlope: 0
      outSlope: 0
      tangentMode: 0
      weightedMode: 0
      inWeight: 0.33333334
      outWeight: 0.33333334
    m_PreInfinity: 2
    m_PostInfinity: 2
    m_RotationOrder: 4
  spreadCustomCurve:
    serializedVersion: 2
    m_Curve:
    - serializedVersion: 3
      time: 0
      value: 0
      inSlope: 0
      outSlope: 0
      tangentMode: 0
      weightedMode: 0
      inWeight: 0.33333334
      outWeight: 0.33333334
    m_PreInfinity: 2
    m_PostInfinity: 2
    m_RotationOrder: 4
  reverbZoneMixCustomCurve:
    serializedVersion: 2
    m_Curve:
    - serializedVersion: 3
      time: 0
      value: 1
      inSlope: 0
      outSlope: 0
      tangentMode: 0
      weightedMode: 0
      inWeight: 0.33333334
      outWeight: 0.33333334
    m_PreInfinity: 2
    m_PostInfinity: 2
    m_RotationOrder: 4
--- !u!4 &777955121
Transform:
  m_ObjectHideFlags: 0
  m_CorrespondingSourceObject: {fileID: 0}
  m_PrefabInstance: {fileID: 0}
  m_PrefabAsset: {fileID: 0}
  m_GameObject: {fileID: 777955119}
  m_LocalRotation: {x: 0, y: 0, z: 0, w: 1}
  m_LocalPosition: {x: 0, y: 0, z: 0}
  m_LocalScale: {x: 1, y: 1, z: 1}
  m_Children: []
  m_Father: {fileID: 0}
  m_RootOrder: 19
  m_LocalEulerAnglesHint: {x: 0, y: 0, z: 0}
--- !u!224 &819418872 stripped
RectTransform:
  m_CorrespondingSourceObject: {fileID: 149858029900414080, guid: b089033a69b446248b6faf4f0f376f19,
    type: 3}
  m_PrefabInstance: {fileID: 696633919}
  m_PrefabAsset: {fileID: 0}
--- !u!1001 &941163235
PrefabInstance:
  m_ObjectHideFlags: 0
  serializedVersion: 2
  m_Modification:
    m_TransformParent: {fileID: 0}
    m_Modifications:
    - target: {fileID: 1224753552851279011, guid: 983eef10f29fc264fada611a477fca7e,
        type: 3}
      propertyPath: m_LocalPosition.x
      value: -2.2685118
      objectReference: {fileID: 0}
    - target: {fileID: 1224753552851279011, guid: 983eef10f29fc264fada611a477fca7e,
        type: 3}
      propertyPath: m_LocalPosition.y
      value: -4.5783052
      objectReference: {fileID: 0}
    - target: {fileID: 1224753552851279011, guid: 983eef10f29fc264fada611a477fca7e,
        type: 3}
      propertyPath: m_LocalPosition.z
      value: 0
      objectReference: {fileID: 0}
    - target: {fileID: 1224753552851279011, guid: 983eef10f29fc264fada611a477fca7e,
        type: 3}
      propertyPath: m_LocalRotation.x
      value: 0
      objectReference: {fileID: 0}
    - target: {fileID: 1224753552851279011, guid: 983eef10f29fc264fada611a477fca7e,
        type: 3}
      propertyPath: m_LocalRotation.y
      value: 0
      objectReference: {fileID: 0}
    - target: {fileID: 1224753552851279011, guid: 983eef10f29fc264fada611a477fca7e,
        type: 3}
      propertyPath: m_LocalRotation.z
      value: 0
      objectReference: {fileID: 0}
    - target: {fileID: 1224753552851279011, guid: 983eef10f29fc264fada611a477fca7e,
        type: 3}
      propertyPath: m_LocalRotation.w
      value: 1
      objectReference: {fileID: 0}
    - target: {fileID: 1224753552851279011, guid: 983eef10f29fc264fada611a477fca7e,
        type: 3}
      propertyPath: m_RootOrder
      value: 11
      objectReference: {fileID: 0}
    - target: {fileID: 1224753552851279011, guid: 983eef10f29fc264fada611a477fca7e,
        type: 3}
      propertyPath: m_LocalEulerAnglesHint.x
      value: 0
      objectReference: {fileID: 0}
    - target: {fileID: 1224753552851279011, guid: 983eef10f29fc264fada611a477fca7e,
        type: 3}
      propertyPath: m_LocalEulerAnglesHint.y
      value: 0
      objectReference: {fileID: 0}
    - target: {fileID: 1224753552851279011, guid: 983eef10f29fc264fada611a477fca7e,
        type: 3}
      propertyPath: m_LocalEulerAnglesHint.z
      value: 0
      objectReference: {fileID: 0}
    - target: {fileID: 1224753552851279014, guid: 983eef10f29fc264fada611a477fca7e,
        type: 3}
      propertyPath: m_Name
      value: Enemy3 (1)
      objectReference: {fileID: 0}
    m_RemovedComponents: []
  m_SourcePrefab: {fileID: 100100000, guid: 983eef10f29fc264fada611a477fca7e, type: 3}
--- !u!1 &963005149
GameObject:
  m_ObjectHideFlags: 0
  m_CorrespondingSourceObject: {fileID: 0}
  m_PrefabInstance: {fileID: 0}
  m_PrefabAsset: {fileID: 0}
  serializedVersion: 6
  m_Component:
  - component: {fileID: 963005152}
  - component: {fileID: 963005151}
  - component: {fileID: 963005150}
  m_Layer: 0
  m_Name: EventSystem
  m_TagString: Untagged
  m_Icon: {fileID: 0}
  m_NavMeshLayer: 0
  m_StaticEditorFlags: 0
  m_IsActive: 1
--- !u!114 &963005150
MonoBehaviour:
  m_ObjectHideFlags: 0
  m_CorrespondingSourceObject: {fileID: 0}
  m_PrefabInstance: {fileID: 0}
  m_PrefabAsset: {fileID: 0}
  m_GameObject: {fileID: 963005149}
  m_Enabled: 1
  m_EditorHideFlags: 0
  m_Script: {fileID: 11500000, guid: 4f231c4fb786f3946a6b90b886c48677, type: 3}
  m_Name: 
  m_EditorClassIdentifier: 
  m_HorizontalAxis: Horizontal
  m_VerticalAxis: Vertical
  m_SubmitButton: Submit
  m_CancelButton: Cancel
  m_InputActionsPerSecond: 10
  m_RepeatDelay: 0.5
  m_ForceModuleActive: 0
--- !u!114 &963005151
MonoBehaviour:
  m_ObjectHideFlags: 0
  m_CorrespondingSourceObject: {fileID: 0}
  m_PrefabInstance: {fileID: 0}
  m_PrefabAsset: {fileID: 0}
  m_GameObject: {fileID: 963005149}
  m_Enabled: 1
  m_EditorHideFlags: 0
  m_Script: {fileID: 11500000, guid: 76c392e42b5098c458856cdf6ecaaaa1, type: 3}
  m_Name: 
  m_EditorClassIdentifier: 
  m_FirstSelected: {fileID: 0}
  m_sendNavigationEvents: 1
  m_DragThreshold: 10
--- !u!4 &963005152
Transform:
  m_ObjectHideFlags: 0
  m_CorrespondingSourceObject: {fileID: 0}
  m_PrefabInstance: {fileID: 0}
  m_PrefabAsset: {fileID: 0}
  m_GameObject: {fileID: 963005149}
  m_LocalRotation: {x: 0, y: 0, z: 0, w: 1}
  m_LocalPosition: {x: 0, y: 0, z: 0}
  m_LocalScale: {x: 1, y: 1, z: 1}
  m_Children: []
  m_Father: {fileID: 0}
  m_RootOrder: 20
  m_LocalEulerAnglesHint: {x: 0, y: 0, z: 0}
--- !u!1 &997996933
GameObject:
  m_ObjectHideFlags: 0
  m_CorrespondingSourceObject: {fileID: 0}
  m_PrefabInstance: {fileID: 0}
  m_PrefabAsset: {fileID: 0}
  serializedVersion: 6
  m_Component:
  - component: {fileID: 997996934}
  - component: {fileID: 997996936}
  - component: {fileID: 997996935}
  m_Layer: 5
  m_Name: Image (1)
  m_TagString: Untagged
  m_Icon: {fileID: 0}
  m_NavMeshLayer: 0
  m_StaticEditorFlags: 0
  m_IsActive: 1
--- !u!224 &997996934
RectTransform:
  m_ObjectHideFlags: 0
  m_CorrespondingSourceObject: {fileID: 0}
  m_PrefabInstance: {fileID: 0}
  m_PrefabAsset: {fileID: 0}
  m_GameObject: {fileID: 997996933}
  m_LocalRotation: {x: 0, y: 0, z: 0, w: 1}
  m_LocalPosition: {x: 0, y: 0, z: 0}
  m_LocalScale: {x: 1, y: 1, z: 1}
  m_Children: []
  m_Father: {fileID: 2109311205}
  m_RootOrder: 4
  m_LocalEulerAnglesHint: {x: 0, y: 0, z: 0}
  m_AnchorMin: {x: 0.5, y: 0.5}
  m_AnchorMax: {x: 0.5, y: 0.5}
  m_AnchoredPosition: {x: 304, y: 130}
  m_SizeDelta: {x: 469.8, y: 238.4}
  m_Pivot: {x: 0.5, y: 0.5}
--- !u!114 &997996935
MonoBehaviour:
  m_ObjectHideFlags: 0
  m_CorrespondingSourceObject: {fileID: 0}
  m_PrefabInstance: {fileID: 0}
  m_PrefabAsset: {fileID: 0}
  m_GameObject: {fileID: 997996933}
  m_Enabled: 1
  m_EditorHideFlags: 0
  m_Script: {fileID: 11500000, guid: fe87c0e1cc204ed48ad3b37840f39efc, type: 3}
  m_Name: 
  m_EditorClassIdentifier: 
  m_Material: {fileID: 0}
  m_Color: {r: 1, g: 1, b: 1, a: 1}
  m_RaycastTarget: 1
  m_OnCullStateChanged:
    m_PersistentCalls:
      m_Calls: []
  m_Sprite: {fileID: 21300000, guid: 774f51ec5f28dec40b1d0c2f2772a644, type: 3}
  m_Type: 0
  m_PreserveAspect: 0
  m_FillCenter: 1
  m_FillMethod: 4
  m_FillAmount: 1
  m_FillClockwise: 1
  m_FillOrigin: 0
  m_UseSpriteMesh: 0
  m_PixelsPerUnitMultiplier: 1
--- !u!222 &997996936
CanvasRenderer:
  m_ObjectHideFlags: 0
  m_CorrespondingSourceObject: {fileID: 0}
  m_PrefabInstance: {fileID: 0}
  m_PrefabAsset: {fileID: 0}
  m_GameObject: {fileID: 997996933}
  m_CullTransparentMesh: 0
--- !u!1001 &1167491363
PrefabInstance:
  m_ObjectHideFlags: 0
  serializedVersion: 2
  m_Modification:
    m_TransformParent: {fileID: 0}
    m_Modifications:
    - target: {fileID: 222789963954557899, guid: 600c8fdbe455f25489a20a81c7176ca9,
        type: 3}
      propertyPath: m_LocalPosition.x
      value: -9.643002
      objectReference: {fileID: 0}
    - target: {fileID: 222789963954557899, guid: 600c8fdbe455f25489a20a81c7176ca9,
        type: 3}
      propertyPath: m_LocalPosition.y
      value: 1.5327237
      objectReference: {fileID: 0}
    - target: {fileID: 222789963954557899, guid: 600c8fdbe455f25489a20a81c7176ca9,
        type: 3}
      propertyPath: m_LocalPosition.z
      value: 0
      objectReference: {fileID: 0}
    - target: {fileID: 222789963954557899, guid: 600c8fdbe455f25489a20a81c7176ca9,
        type: 3}
      propertyPath: m_LocalRotation.x
      value: 0
      objectReference: {fileID: 0}
    - target: {fileID: 222789963954557899, guid: 600c8fdbe455f25489a20a81c7176ca9,
        type: 3}
      propertyPath: m_LocalRotation.y
      value: 0
      objectReference: {fileID: 0}
    - target: {fileID: 222789963954557899, guid: 600c8fdbe455f25489a20a81c7176ca9,
        type: 3}
      propertyPath: m_LocalRotation.z
      value: 0
      objectReference: {fileID: 0}
    - target: {fileID: 222789963954557899, guid: 600c8fdbe455f25489a20a81c7176ca9,
        type: 3}
      propertyPath: m_LocalRotation.w
      value: 1
      objectReference: {fileID: 0}
    - target: {fileID: 222789963954557899, guid: 600c8fdbe455f25489a20a81c7176ca9,
        type: 3}
      propertyPath: m_RootOrder
      value: 8
      objectReference: {fileID: 0}
    - target: {fileID: 222789963954557899, guid: 600c8fdbe455f25489a20a81c7176ca9,
        type: 3}
      propertyPath: m_LocalEulerAnglesHint.x
      value: 0
      objectReference: {fileID: 0}
    - target: {fileID: 222789963954557899, guid: 600c8fdbe455f25489a20a81c7176ca9,
        type: 3}
      propertyPath: m_LocalEulerAnglesHint.y
      value: 0
      objectReference: {fileID: 0}
    - target: {fileID: 222789963954557899, guid: 600c8fdbe455f25489a20a81c7176ca9,
        type: 3}
      propertyPath: m_LocalEulerAnglesHint.z
      value: 0
      objectReference: {fileID: 0}
    - target: {fileID: 222789963954557902, guid: 600c8fdbe455f25489a20a81c7176ca9,
        type: 3}
      propertyPath: m_Name
      value: Enemy2
      objectReference: {fileID: 0}
    m_RemovedComponents: []
  m_SourcePrefab: {fileID: 100100000, guid: 600c8fdbe455f25489a20a81c7176ca9, type: 3}
--- !u!1001 &1167954472
PrefabInstance:
  m_ObjectHideFlags: 0
  serializedVersion: 2
  m_Modification:
    m_TransformParent: {fileID: 0}
    m_Modifications:
    - target: {fileID: 222789963954557899, guid: 600c8fdbe455f25489a20a81c7176ca9,
        type: 3}
      propertyPath: m_LocalPosition.x
      value: 1.1608839
      objectReference: {fileID: 0}
    - target: {fileID: 222789963954557899, guid: 600c8fdbe455f25489a20a81c7176ca9,
        type: 3}
      propertyPath: m_LocalPosition.y
      value: -4.3720255
      objectReference: {fileID: 0}
    - target: {fileID: 222789963954557899, guid: 600c8fdbe455f25489a20a81c7176ca9,
        type: 3}
      propertyPath: m_LocalPosition.z
      value: 0
      objectReference: {fileID: 0}
    - target: {fileID: 222789963954557899, guid: 600c8fdbe455f25489a20a81c7176ca9,
        type: 3}
      propertyPath: m_LocalRotation.x
      value: 0
      objectReference: {fileID: 0}
    - target: {fileID: 222789963954557899, guid: 600c8fdbe455f25489a20a81c7176ca9,
        type: 3}
      propertyPath: m_LocalRotation.y
      value: 0
      objectReference: {fileID: 0}
    - target: {fileID: 222789963954557899, guid: 600c8fdbe455f25489a20a81c7176ca9,
        type: 3}
      propertyPath: m_LocalRotation.z
      value: 0
      objectReference: {fileID: 0}
    - target: {fileID: 222789963954557899, guid: 600c8fdbe455f25489a20a81c7176ca9,
        type: 3}
      propertyPath: m_LocalRotation.w
      value: 1
      objectReference: {fileID: 0}
    - target: {fileID: 222789963954557899, guid: 600c8fdbe455f25489a20a81c7176ca9,
        type: 3}
      propertyPath: m_RootOrder
      value: 7
      objectReference: {fileID: 0}
    - target: {fileID: 222789963954557899, guid: 600c8fdbe455f25489a20a81c7176ca9,
        type: 3}
      propertyPath: m_LocalEulerAnglesHint.x
      value: 0
      objectReference: {fileID: 0}
    - target: {fileID: 222789963954557899, guid: 600c8fdbe455f25489a20a81c7176ca9,
        type: 3}
      propertyPath: m_LocalEulerAnglesHint.y
      value: 0
      objectReference: {fileID: 0}
    - target: {fileID: 222789963954557899, guid: 600c8fdbe455f25489a20a81c7176ca9,
        type: 3}
      propertyPath: m_LocalEulerAnglesHint.z
      value: 0
      objectReference: {fileID: 0}
    - target: {fileID: 222789963954557902, guid: 600c8fdbe455f25489a20a81c7176ca9,
        type: 3}
      propertyPath: m_Name
      value: Enemy2 (1)
      objectReference: {fileID: 0}
    m_RemovedComponents: []
  m_SourcePrefab: {fileID: 100100000, guid: 600c8fdbe455f25489a20a81c7176ca9, type: 3}
--- !u!1 &1278428894
GameObject:
  m_ObjectHideFlags: 0
  m_CorrespondingSourceObject: {fileID: 0}
  m_PrefabInstance: {fileID: 0}
  m_PrefabAsset: {fileID: 0}
  serializedVersion: 6
  m_Component:
  - component: {fileID: 1278428895}
  - component: {fileID: 1278428896}
  m_Layer: 0
  m_Name: Scenemanager
  m_TagString: Untagged
  m_Icon: {fileID: 0}
  m_NavMeshLayer: 0
  m_StaticEditorFlags: 0
  m_IsActive: 1
--- !u!4 &1278428895
Transform:
  m_ObjectHideFlags: 0
  m_CorrespondingSourceObject: {fileID: 0}
  m_PrefabInstance: {fileID: 0}
  m_PrefabAsset: {fileID: 0}
  m_GameObject: {fileID: 1278428894}
  m_LocalRotation: {x: 0, y: 0, z: 0, w: 1}
  m_LocalPosition: {x: 0.374444, y: 0.8494227, z: -991.98865}
  m_LocalScale: {x: 1, y: 1, z: 1}
  m_Children: []
  m_Father: {fileID: 0}
  m_RootOrder: 17
  m_LocalEulerAnglesHint: {x: 0, y: 0, z: 0}
--- !u!114 &1278428896
MonoBehaviour:
  m_ObjectHideFlags: 0
  m_CorrespondingSourceObject: {fileID: 0}
  m_PrefabInstance: {fileID: 0}
  m_PrefabAsset: {fileID: 0}
  m_GameObject: {fileID: 1278428894}
  m_Enabled: 1
  m_EditorHideFlags: 0
  m_Script: {fileID: 11500000, guid: 263bfcc6695ca3b48aad87f48ec9d479, type: 3}
  m_Name: 
  m_EditorClassIdentifier: 
--- !u!1 &1367476418
GameObject:
  m_ObjectHideFlags: 0
  m_CorrespondingSourceObject: {fileID: 0}
  m_PrefabInstance: {fileID: 0}
  m_PrefabAsset: {fileID: 0}
  serializedVersion: 6
  m_Component:
  - component: {fileID: 1367476419}
  - component: {fileID: 1367476421}
  - component: {fileID: 1367476420}
  m_Layer: 5
  m_Name: Image
  m_TagString: Untagged
  m_Icon: {fileID: 0}
  m_NavMeshLayer: 0
  m_StaticEditorFlags: 0
  m_IsActive: 1
--- !u!224 &1367476419
RectTransform:
  m_ObjectHideFlags: 0
  m_CorrespondingSourceObject: {fileID: 0}
  m_PrefabInstance: {fileID: 0}
  m_PrefabAsset: {fileID: 0}
  m_GameObject: {fileID: 1367476418}
  m_LocalRotation: {x: 0, y: 0, z: 0, w: 1}
  m_LocalPosition: {x: 0, y: 0, z: 0}
  m_LocalScale: {x: 1, y: 1, z: 1}
  m_Children: []
  m_Father: {fileID: 2109311205}
  m_RootOrder: 3
  m_LocalEulerAnglesHint: {x: 0, y: 0, z: 0}
  m_AnchorMin: {x: 0.5, y: 0.5}
  m_AnchorMax: {x: 0.5, y: 0.5}
  m_AnchoredPosition: {x: -387, y: 130}
  m_SizeDelta: {x: 469.8, y: 238.4}
  m_Pivot: {x: 0.5, y: 0.5}
--- !u!114 &1367476420
MonoBehaviour:
  m_ObjectHideFlags: 0
  m_CorrespondingSourceObject: {fileID: 0}
  m_PrefabInstance: {fileID: 0}
  m_PrefabAsset: {fileID: 0}
  m_GameObject: {fileID: 1367476418}
  m_Enabled: 1
  m_EditorHideFlags: 0
  m_Script: {fileID: 11500000, guid: fe87c0e1cc204ed48ad3b37840f39efc, type: 3}
  m_Name: 
  m_EditorClassIdentifier: 
  m_Material: {fileID: 0}
  m_Color: {r: 1, g: 1, b: 1, a: 1}
  m_RaycastTarget: 1
  m_OnCullStateChanged:
    m_PersistentCalls:
      m_Calls: []
  m_Sprite: {fileID: 21300000, guid: b3792eccc8bc10541a21e54e4c9f6634, type: 3}
  m_Type: 0
  m_PreserveAspect: 0
  m_FillCenter: 1
  m_FillMethod: 4
  m_FillAmount: 1
  m_FillClockwise: 1
  m_FillOrigin: 0
  m_UseSpriteMesh: 0
  m_PixelsPerUnitMultiplier: 1
--- !u!222 &1367476421
CanvasRenderer:
  m_ObjectHideFlags: 0
  m_CorrespondingSourceObject: {fileID: 0}
  m_PrefabInstance: {fileID: 0}
  m_PrefabAsset: {fileID: 0}
  m_GameObject: {fileID: 1367476418}
  m_CullTransparentMesh: 0
--- !u!1001 &1430184287
PrefabInstance:
  m_ObjectHideFlags: 0
  serializedVersion: 2
  m_Modification:
    m_TransformParent: {fileID: 0}
    m_Modifications:
    - target: {fileID: 7752073474511235387, guid: f8802717a1fb95640b6b4bcdf2ef1751,
        type: 3}
      propertyPath: m_Name
      value: Enemy4 (3)
      objectReference: {fileID: 0}
    - target: {fileID: 7752073474511235388, guid: f8802717a1fb95640b6b4bcdf2ef1751,
        type: 3}
      propertyPath: m_LocalPosition.x
      value: -4.4086604
      objectReference: {fileID: 0}
    - target: {fileID: 7752073474511235388, guid: f8802717a1fb95640b6b4bcdf2ef1751,
        type: 3}
      propertyPath: m_LocalPosition.y
      value: 4.2143564
      objectReference: {fileID: 0}
    - target: {fileID: 7752073474511235388, guid: f8802717a1fb95640b6b4bcdf2ef1751,
        type: 3}
      propertyPath: m_LocalPosition.z
      value: 0
      objectReference: {fileID: 0}
    - target: {fileID: 7752073474511235388, guid: f8802717a1fb95640b6b4bcdf2ef1751,
        type: 3}
      propertyPath: m_LocalRotation.x
      value: 0
      objectReference: {fileID: 0}
    - target: {fileID: 7752073474511235388, guid: f8802717a1fb95640b6b4bcdf2ef1751,
        type: 3}
      propertyPath: m_LocalRotation.y
      value: 0
      objectReference: {fileID: 0}
    - target: {fileID: 7752073474511235388, guid: f8802717a1fb95640b6b4bcdf2ef1751,
        type: 3}
      propertyPath: m_LocalRotation.z
      value: 0
      objectReference: {fileID: 0}
    - target: {fileID: 7752073474511235388, guid: f8802717a1fb95640b6b4bcdf2ef1751,
        type: 3}
      propertyPath: m_LocalRotation.w
      value: 1
      objectReference: {fileID: 0}
    - target: {fileID: 7752073474511235388, guid: f8802717a1fb95640b6b4bcdf2ef1751,
        type: 3}
      propertyPath: m_RootOrder
      value: 1
      objectReference: {fileID: 0}
    - target: {fileID: 7752073474511235388, guid: f8802717a1fb95640b6b4bcdf2ef1751,
        type: 3}
      propertyPath: m_LocalEulerAnglesHint.x
      value: 0
      objectReference: {fileID: 0}
    - target: {fileID: 7752073474511235388, guid: f8802717a1fb95640b6b4bcdf2ef1751,
        type: 3}
      propertyPath: m_LocalEulerAnglesHint.y
      value: 0
      objectReference: {fileID: 0}
    - target: {fileID: 7752073474511235388, guid: f8802717a1fb95640b6b4bcdf2ef1751,
        type: 3}
      propertyPath: m_LocalEulerAnglesHint.z
      value: 0
      objectReference: {fileID: 0}
    m_RemovedComponents: []
  m_SourcePrefab: {fileID: 100100000, guid: f8802717a1fb95640b6b4bcdf2ef1751, type: 3}
--- !u!1001 &1474326203
PrefabInstance:
  m_ObjectHideFlags: 0
  serializedVersion: 2
  m_Modification:
    m_TransformParent: {fileID: 0}
    m_Modifications:
    - target: {fileID: 222789963954557899, guid: 600c8fdbe455f25489a20a81c7176ca9,
        type: 3}
      propertyPath: m_LocalPosition.x
      value: 9.0768585
      objectReference: {fileID: 0}
    - target: {fileID: 222789963954557899, guid: 600c8fdbe455f25489a20a81c7176ca9,
        type: 3}
      propertyPath: m_LocalPosition.y
      value: 1.1717346
      objectReference: {fileID: 0}
    - target: {fileID: 222789963954557899, guid: 600c8fdbe455f25489a20a81c7176ca9,
        type: 3}
      propertyPath: m_LocalPosition.z
      value: 0
      objectReference: {fileID: 0}
    - target: {fileID: 222789963954557899, guid: 600c8fdbe455f25489a20a81c7176ca9,
        type: 3}
      propertyPath: m_LocalRotation.x
      value: 0
      objectReference: {fileID: 0}
    - target: {fileID: 222789963954557899, guid: 600c8fdbe455f25489a20a81c7176ca9,
        type: 3}
      propertyPath: m_LocalRotation.y
      value: 0
      objectReference: {fileID: 0}
    - target: {fileID: 222789963954557899, guid: 600c8fdbe455f25489a20a81c7176ca9,
        type: 3}
      propertyPath: m_LocalRotation.z
      value: 0
      objectReference: {fileID: 0}
    - target: {fileID: 222789963954557899, guid: 600c8fdbe455f25489a20a81c7176ca9,
        type: 3}
      propertyPath: m_LocalRotation.w
      value: 1
      objectReference: {fileID: 0}
    - target: {fileID: 222789963954557899, guid: 600c8fdbe455f25489a20a81c7176ca9,
        type: 3}
      propertyPath: m_RootOrder
      value: 6
      objectReference: {fileID: 0}
    - target: {fileID: 222789963954557899, guid: 600c8fdbe455f25489a20a81c7176ca9,
        type: 3}
      propertyPath: m_LocalEulerAnglesHint.x
      value: 0
      objectReference: {fileID: 0}
    - target: {fileID: 222789963954557899, guid: 600c8fdbe455f25489a20a81c7176ca9,
        type: 3}
      propertyPath: m_LocalEulerAnglesHint.y
      value: 0
      objectReference: {fileID: 0}
    - target: {fileID: 222789963954557899, guid: 600c8fdbe455f25489a20a81c7176ca9,
        type: 3}
      propertyPath: m_LocalEulerAnglesHint.z
      value: 0
      objectReference: {fileID: 0}
    - target: {fileID: 222789963954557902, guid: 600c8fdbe455f25489a20a81c7176ca9,
        type: 3}
      propertyPath: m_Name
      value: Enemy2 (2)
      objectReference: {fileID: 0}
    m_RemovedComponents: []
  m_SourcePrefab: {fileID: 100100000, guid: 600c8fdbe455f25489a20a81c7176ca9, type: 3}
--- !u!1001 &1857054612
PrefabInstance:
  m_ObjectHideFlags: 0
  serializedVersion: 2
  m_Modification:
    m_TransformParent: {fileID: 0}
    m_Modifications:
    - target: {fileID: 1224753552851279011, guid: 983eef10f29fc264fada611a477fca7e,
        type: 3}
      propertyPath: m_LocalPosition.x
      value: -9.333583
      objectReference: {fileID: 0}
    - target: {fileID: 1224753552851279011, guid: 983eef10f29fc264fada611a477fca7e,
        type: 3}
      propertyPath: m_LocalPosition.y
      value: -1.0715544
      objectReference: {fileID: 0}
    - target: {fileID: 1224753552851279011, guid: 983eef10f29fc264fada611a477fca7e,
        type: 3}
      propertyPath: m_LocalPosition.z
      value: 0
      objectReference: {fileID: 0}
    - target: {fileID: 1224753552851279011, guid: 983eef10f29fc264fada611a477fca7e,
        type: 3}
      propertyPath: m_LocalRotation.x
      value: 0
      objectReference: {fileID: 0}
    - target: {fileID: 1224753552851279011, guid: 983eef10f29fc264fada611a477fca7e,
        type: 3}
      propertyPath: m_LocalRotation.y
      value: 0
      objectReference: {fileID: 0}
    - target: {fileID: 1224753552851279011, guid: 983eef10f29fc264fada611a477fca7e,
        type: 3}
      propertyPath: m_LocalRotation.z
      value: 0
      objectReference: {fileID: 0}
    - target: {fileID: 1224753552851279011, guid: 983eef10f29fc264fada611a477fca7e,
        type: 3}
      propertyPath: m_LocalRotation.w
      value: 1
      objectReference: {fileID: 0}
    - target: {fileID: 1224753552851279011, guid: 983eef10f29fc264fada611a477fca7e,
        type: 3}
      propertyPath: m_RootOrder
      value: 12
      objectReference: {fileID: 0}
    - target: {fileID: 1224753552851279011, guid: 983eef10f29fc264fada611a477fca7e,
        type: 3}
      propertyPath: m_LocalEulerAnglesHint.x
      value: 0
      objectReference: {fileID: 0}
    - target: {fileID: 1224753552851279011, guid: 983eef10f29fc264fada611a477fca7e,
        type: 3}
      propertyPath: m_LocalEulerAnglesHint.y
      value: 0
      objectReference: {fileID: 0}
    - target: {fileID: 1224753552851279011, guid: 983eef10f29fc264fada611a477fca7e,
        type: 3}
      propertyPath: m_LocalEulerAnglesHint.z
      value: 0
      objectReference: {fileID: 0}
    - target: {fileID: 1224753552851279014, guid: 983eef10f29fc264fada611a477fca7e,
        type: 3}
      propertyPath: m_Name
      value: Enemy3
      objectReference: {fileID: 0}
    m_RemovedComponents: []
  m_SourcePrefab: {fileID: 100100000, guid: 983eef10f29fc264fada611a477fca7e, type: 3}
--- !u!1001 &1975057434
PrefabInstance:
  m_ObjectHideFlags: 0
  serializedVersion: 2
  m_Modification:
    m_TransformParent: {fileID: 2109311205}
    m_Modifications:
    - target: {fileID: 831329769043884564, guid: 83e36c9c6038dbf4986481505f587e8a,
        type: 3}
      propertyPath: m_LocalPosition.x
      value: 0
      objectReference: {fileID: 0}
    - target: {fileID: 831329769043884564, guid: 83e36c9c6038dbf4986481505f587e8a,
        type: 3}
      propertyPath: m_LocalPosition.y
      value: 0
      objectReference: {fileID: 0}
    - target: {fileID: 831329769043884564, guid: 83e36c9c6038dbf4986481505f587e8a,
        type: 3}
      propertyPath: m_LocalPosition.z
      value: 0
      objectReference: {fileID: 0}
    - target: {fileID: 831329769043884564, guid: 83e36c9c6038dbf4986481505f587e8a,
        type: 3}
      propertyPath: m_LocalRotation.x
      value: 0
      objectReference: {fileID: 0}
    - target: {fileID: 831329769043884564, guid: 83e36c9c6038dbf4986481505f587e8a,
        type: 3}
      propertyPath: m_LocalRotation.y
      value: 0
      objectReference: {fileID: 0}
    - target: {fileID: 831329769043884564, guid: 83e36c9c6038dbf4986481505f587e8a,
        type: 3}
      propertyPath: m_LocalRotation.z
      value: 0
      objectReference: {fileID: 0}
    - target: {fileID: 831329769043884564, guid: 83e36c9c6038dbf4986481505f587e8a,
        type: 3}
      propertyPath: m_LocalRotation.w
      value: 1
      objectReference: {fileID: 0}
    - target: {fileID: 831329769043884564, guid: 83e36c9c6038dbf4986481505f587e8a,
        type: 3}
      propertyPath: m_RootOrder
      value: 1
      objectReference: {fileID: 0}
    - target: {fileID: 831329769043884564, guid: 83e36c9c6038dbf4986481505f587e8a,
        type: 3}
      propertyPath: m_LocalEulerAnglesHint.x
      value: 0
      objectReference: {fileID: 0}
    - target: {fileID: 831329769043884564, guid: 83e36c9c6038dbf4986481505f587e8a,
        type: 3}
      propertyPath: m_LocalEulerAnglesHint.y
      value: 0
      objectReference: {fileID: 0}
    - target: {fileID: 831329769043884564, guid: 83e36c9c6038dbf4986481505f587e8a,
        type: 3}
      propertyPath: m_LocalEulerAnglesHint.z
      value: 0
      objectReference: {fileID: 0}
    - target: {fileID: 831329769043884564, guid: 83e36c9c6038dbf4986481505f587e8a,
        type: 3}
      propertyPath: m_AnchoredPosition.x
      value: -387
      objectReference: {fileID: 0}
    - target: {fileID: 831329769043884564, guid: 83e36c9c6038dbf4986481505f587e8a,
        type: 3}
      propertyPath: m_AnchoredPosition.y
      value: -100
      objectReference: {fileID: 0}
    - target: {fileID: 831329769043884564, guid: 83e36c9c6038dbf4986481505f587e8a,
        type: 3}
      propertyPath: m_SizeDelta.x
      value: 232.3
      objectReference: {fileID: 0}
    - target: {fileID: 831329769043884564, guid: 83e36c9c6038dbf4986481505f587e8a,
        type: 3}
      propertyPath: m_SizeDelta.y
      value: 43.5
      objectReference: {fileID: 0}
    - target: {fileID: 831329769043884564, guid: 83e36c9c6038dbf4986481505f587e8a,
        type: 3}
      propertyPath: m_AnchorMin.x
      value: 0.5
      objectReference: {fileID: 0}
    - target: {fileID: 831329769043884564, guid: 83e36c9c6038dbf4986481505f587e8a,
        type: 3}
      propertyPath: m_AnchorMin.y
      value: 0.5
      objectReference: {fileID: 0}
    - target: {fileID: 831329769043884564, guid: 83e36c9c6038dbf4986481505f587e8a,
        type: 3}
      propertyPath: m_AnchorMax.x
      value: 0.5
      objectReference: {fileID: 0}
    - target: {fileID: 831329769043884564, guid: 83e36c9c6038dbf4986481505f587e8a,
        type: 3}
      propertyPath: m_AnchorMax.y
      value: 0.5
      objectReference: {fileID: 0}
    - target: {fileID: 831329769043884564, guid: 83e36c9c6038dbf4986481505f587e8a,
        type: 3}
      propertyPath: m_Pivot.x
      value: 0.5
      objectReference: {fileID: 0}
    - target: {fileID: 831329769043884564, guid: 83e36c9c6038dbf4986481505f587e8a,
        type: 3}
      propertyPath: m_Pivot.y
      value: 0.5
      objectReference: {fileID: 0}
    - target: {fileID: 831329769043884565, guid: 83e36c9c6038dbf4986481505f587e8a,
        type: 3}
      propertyPath: m_OnClick.m_PersistentCalls.m_Calls.Array.data[0].m_Target
      value: 
      objectReference: {fileID: 1278428896}
    - target: {fileID: 831329769043884565, guid: 83e36c9c6038dbf4986481505f587e8a,
        type: 3}
      propertyPath: m_OnClick.m_PersistentCalls.m_Calls.Array.data[0].m_MethodName
      value: level1
      objectReference: {fileID: 0}
    - target: {fileID: 831329769043884565, guid: 83e36c9c6038dbf4986481505f587e8a,
        type: 3}
      propertyPath: m_Interactable
      value: 1
      objectReference: {fileID: 0}
    - target: {fileID: 831329769043884567, guid: 83e36c9c6038dbf4986481505f587e8a,
        type: 3}
      propertyPath: m_Name
      value: Bluebutton
      objectReference: {fileID: 0}
    - target: {fileID: 831329769519620857, guid: 83e36c9c6038dbf4986481505f587e8a,
        type: 3}
      propertyPath: m_Text
      value: beginner
      objectReference: {fileID: 0}
    m_RemovedComponents: []
  m_SourcePrefab: {fileID: 100100000, guid: 83e36c9c6038dbf4986481505f587e8a, type: 3}
--- !u!224 &1975057435 stripped
RectTransform:
  m_CorrespondingSourceObject: {fileID: 831329769043884564, guid: 83e36c9c6038dbf4986481505f587e8a,
    type: 3}
  m_PrefabInstance: {fileID: 1975057434}
  m_PrefabAsset: {fileID: 0}
--- !u!1001 &2037933557
PrefabInstance:
  m_ObjectHideFlags: 0
  serializedVersion: 2
  m_Modification:
    m_TransformParent: {fileID: 0}
    m_Modifications:
    - target: {fileID: 1713915902311232453, guid: ac861abe180ff37438ddb0ce8308dcb5,
        type: 3}
      propertyPath: m_Name
      value: Enemy1 (1)
      objectReference: {fileID: 0}
    - target: {fileID: 1713915902311232456, guid: ac861abe180ff37438ddb0ce8308dcb5,
        type: 3}
      propertyPath: m_LocalPosition.x
      value: 8.793224
      objectReference: {fileID: 0}
    - target: {fileID: 1713915902311232456, guid: ac861abe180ff37438ddb0ce8308dcb5,
        type: 3}
      propertyPath: m_LocalPosition.y
      value: -4.397811
      objectReference: {fileID: 0}
    - target: {fileID: 1713915902311232456, guid: ac861abe180ff37438ddb0ce8308dcb5,
        type: 3}
      propertyPath: m_LocalPosition.z
      value: 0
      objectReference: {fileID: 0}
    - target: {fileID: 1713915902311232456, guid: ac861abe180ff37438ddb0ce8308dcb5,
        type: 3}
      propertyPath: m_LocalRotation.x
      value: 0
      objectReference: {fileID: 0}
    - target: {fileID: 1713915902311232456, guid: ac861abe180ff37438ddb0ce8308dcb5,
        type: 3}
      propertyPath: m_LocalRotation.y
      value: 0
      objectReference: {fileID: 0}
    - target: {fileID: 1713915902311232456, guid: ac861abe180ff37438ddb0ce8308dcb5,
        type: 3}
      propertyPath: m_LocalRotation.z
      value: 0
      objectReference: {fileID: 0}
    - target: {fileID: 1713915902311232456, guid: ac861abe180ff37438ddb0ce8308dcb5,
        type: 3}
      propertyPath: m_LocalRotation.w
      value: 1
      objectReference: {fileID: 0}
    - target: {fileID: 1713915902311232456, guid: ac861abe180ff37438ddb0ce8308dcb5,
        type: 3}
      propertyPath: m_RootOrder
      value: 15
      objectReference: {fileID: 0}
    - target: {fileID: 1713915902311232456, guid: ac861abe180ff37438ddb0ce8308dcb5,
        type: 3}
      propertyPath: m_LocalEulerAnglesHint.x
      value: 0
      objectReference: {fileID: 0}
    - target: {fileID: 1713915902311232456, guid: ac861abe180ff37438ddb0ce8308dcb5,
        type: 3}
      propertyPath: m_LocalEulerAnglesHint.y
      value: 0
      objectReference: {fileID: 0}
    - target: {fileID: 1713915902311232456, guid: ac861abe180ff37438ddb0ce8308dcb5,
        type: 3}
      propertyPath: m_LocalEulerAnglesHint.z
      value: 0
      objectReference: {fileID: 0}
    m_RemovedComponents: []
  m_SourcePrefab: {fileID: 100100000, guid: ac861abe180ff37438ddb0ce8308dcb5, type: 3}
--- !u!1001 &2040907721
PrefabInstance:
  m_ObjectHideFlags: 0
  serializedVersion: 2
  m_Modification:
    m_TransformParent: {fileID: 0}
    m_Modifications:
    - target: {fileID: 1713915902311232453, guid: ac861abe180ff37438ddb0ce8308dcb5,
        type: 3}
      propertyPath: m_Name
      value: Enemy1 (3)
      objectReference: {fileID: 0}
    - target: {fileID: 1713915902311232456, guid: ac861abe180ff37438ddb0ce8308dcb5,
        type: 3}
      propertyPath: m_LocalPosition.x
      value: 8.947934
      objectReference: {fileID: 0}
    - target: {fileID: 1713915902311232456, guid: ac861abe180ff37438ddb0ce8308dcb5,
        type: 3}
      propertyPath: m_LocalPosition.y
      value: 4.2659264
      objectReference: {fileID: 0}
    - target: {fileID: 1713915902311232456, guid: ac861abe180ff37438ddb0ce8308dcb5,
        type: 3}
      propertyPath: m_LocalPosition.z
      value: 0
      objectReference: {fileID: 0}
    - target: {fileID: 1713915902311232456, guid: ac861abe180ff37438ddb0ce8308dcb5,
        type: 3}
      propertyPath: m_LocalRotation.x
      value: 0
      objectReference: {fileID: 0}
    - target: {fileID: 1713915902311232456, guid: ac861abe180ff37438ddb0ce8308dcb5,
        type: 3}
      propertyPath: m_LocalRotation.y
      value: 0
      objectReference: {fileID: 0}
    - target: {fileID: 1713915902311232456, guid: ac861abe180ff37438ddb0ce8308dcb5,
        type: 3}
      propertyPath: m_LocalRotation.z
      value: 0
      objectReference: {fileID: 0}
    - target: {fileID: 1713915902311232456, guid: ac861abe180ff37438ddb0ce8308dcb5,
        type: 3}
      propertyPath: m_LocalRotation.w
      value: 1
      objectReference: {fileID: 0}
    - target: {fileID: 1713915902311232456, guid: ac861abe180ff37438ddb0ce8308dcb5,
        type: 3}
      propertyPath: m_RootOrder
      value: 13
      objectReference: {fileID: 0}
    - target: {fileID: 1713915902311232456, guid: ac861abe180ff37438ddb0ce8308dcb5,
        type: 3}
      propertyPath: m_LocalEulerAnglesHint.x
      value: 0
      objectReference: {fileID: 0}
    - target: {fileID: 1713915902311232456, guid: ac861abe180ff37438ddb0ce8308dcb5,
        type: 3}
      propertyPath: m_LocalEulerAnglesHint.y
      value: 0
      objectReference: {fileID: 0}
    - target: {fileID: 1713915902311232456, guid: ac861abe180ff37438ddb0ce8308dcb5,
        type: 3}
      propertyPath: m_LocalEulerAnglesHint.z
      value: 0
      objectReference: {fileID: 0}
    m_RemovedComponents: []
  m_SourcePrefab: {fileID: 100100000, guid: ac861abe180ff37438ddb0ce8308dcb5, type: 3}
--- !u!1001 &2052508701
PrefabInstance:
  m_ObjectHideFlags: 0
  serializedVersion: 2
  m_Modification:
    m_TransformParent: {fileID: 0}
    m_Modifications:
    - target: {fileID: 7752073474511235387, guid: f8802717a1fb95640b6b4bcdf2ef1751,
        type: 3}
      propertyPath: m_Name
      value: Enemy4 (1)
      objectReference: {fileID: 0}
    - target: {fileID: 7752073474511235388, guid: f8802717a1fb95640b6b4bcdf2ef1751,
        type: 3}
      propertyPath: m_LocalPosition.x
      value: -4.82122
      objectReference: {fileID: 0}
    - target: {fileID: 7752073474511235388, guid: f8802717a1fb95640b6b4bcdf2ef1751,
        type: 3}
      propertyPath: m_LocalPosition.y
      value: -4.5783052
      objectReference: {fileID: 0}
    - target: {fileID: 7752073474511235388, guid: f8802717a1fb95640b6b4bcdf2ef1751,
        type: 3}
      propertyPath: m_LocalPosition.z
      value: 0
      objectReference: {fileID: 0}
    - target: {fileID: 7752073474511235388, guid: f8802717a1fb95640b6b4bcdf2ef1751,
        type: 3}
      propertyPath: m_LocalRotation.x
      value: 0
      objectReference: {fileID: 0}
    - target: {fileID: 7752073474511235388, guid: f8802717a1fb95640b6b4bcdf2ef1751,
        type: 3}
      propertyPath: m_LocalRotation.y
      value: 0
      objectReference: {fileID: 0}
    - target: {fileID: 7752073474511235388, guid: f8802717a1fb95640b6b4bcdf2ef1751,
        type: 3}
      propertyPath: m_LocalRotation.z
      value: 0
      objectReference: {fileID: 0}
    - target: {fileID: 7752073474511235388, guid: f8802717a1fb95640b6b4bcdf2ef1751,
        type: 3}
      propertyPath: m_LocalRotation.w
      value: 1
      objectReference: {fileID: 0}
    - target: {fileID: 7752073474511235388, guid: f8802717a1fb95640b6b4bcdf2ef1751,
        type: 3}
      propertyPath: m_RootOrder
      value: 3
      objectReference: {fileID: 0}
    - target: {fileID: 7752073474511235388, guid: f8802717a1fb95640b6b4bcdf2ef1751,
        type: 3}
      propertyPath: m_LocalEulerAnglesHint.x
      value: 0
      objectReference: {fileID: 0}
    - target: {fileID: 7752073474511235388, guid: f8802717a1fb95640b6b4bcdf2ef1751,
        type: 3}
      propertyPath: m_LocalEulerAnglesHint.y
      value: 0
      objectReference: {fileID: 0}
    - target: {fileID: 7752073474511235388, guid: f8802717a1fb95640b6b4bcdf2ef1751,
        type: 3}
      propertyPath: m_LocalEulerAnglesHint.z
      value: 0
      objectReference: {fileID: 0}
    m_RemovedComponents: []
  m_SourcePrefab: {fileID: 100100000, guid: f8802717a1fb95640b6b4bcdf2ef1751, type: 3}
--- !u!1001 &2083155923
PrefabInstance:
  m_ObjectHideFlags: 0
  serializedVersion: 2
  m_Modification:
    m_TransformParent: {fileID: 0}
    m_Modifications:
    - target: {fileID: 222789963954557899, guid: 600c8fdbe455f25489a20a81c7176ca9,
        type: 3}
      propertyPath: m_LocalPosition.x
      value: 2.037571
      objectReference: {fileID: 0}
    - target: {fileID: 222789963954557899, guid: 600c8fdbe455f25489a20a81c7176ca9,
        type: 3}
      propertyPath: m_LocalPosition.y
      value: 4.343281
      objectReference: {fileID: 0}
    - target: {fileID: 222789963954557899, guid: 600c8fdbe455f25489a20a81c7176ca9,
        type: 3}
      propertyPath: m_LocalPosition.z
      value: 0
      objectReference: {fileID: 0}
    - target: {fileID: 222789963954557899, guid: 600c8fdbe455f25489a20a81c7176ca9,
        type: 3}
      propertyPath: m_LocalRotation.x
      value: 0
      objectReference: {fileID: 0}
    - target: {fileID: 222789963954557899, guid: 600c8fdbe455f25489a20a81c7176ca9,
        type: 3}
      propertyPath: m_LocalRotation.y
      value: 0
      objectReference: {fileID: 0}
    - target: {fileID: 222789963954557899, guid: 600c8fdbe455f25489a20a81c7176ca9,
        type: 3}
      propertyPath: m_LocalRotation.z
      value: 0
      objectReference: {fileID: 0}
    - target: {fileID: 222789963954557899, guid: 600c8fdbe455f25489a20a81c7176ca9,
        type: 3}
      propertyPath: m_LocalRotation.w
      value: 1
      objectReference: {fileID: 0}
    - target: {fileID: 222789963954557899, guid: 600c8fdbe455f25489a20a81c7176ca9,
        type: 3}
      propertyPath: m_RootOrder
      value: 5
      objectReference: {fileID: 0}
    - target: {fileID: 222789963954557899, guid: 600c8fdbe455f25489a20a81c7176ca9,
        type: 3}
      propertyPath: m_LocalEulerAnglesHint.x
      value: 0
      objectReference: {fileID: 0}
    - target: {fileID: 222789963954557899, guid: 600c8fdbe455f25489a20a81c7176ca9,
        type: 3}
      propertyPath: m_LocalEulerAnglesHint.y
      value: 0
      objectReference: {fileID: 0}
    - target: {fileID: 222789963954557899, guid: 600c8fdbe455f25489a20a81c7176ca9,
        type: 3}
      propertyPath: m_LocalEulerAnglesHint.z
      value: 0
      objectReference: {fileID: 0}
    - target: {fileID: 222789963954557902, guid: 600c8fdbe455f25489a20a81c7176ca9,
        type: 3}
      propertyPath: m_Name
      value: Enemy2 (3)
      objectReference: {fileID: 0}
    m_RemovedComponents: []
  m_SourcePrefab: {fileID: 100100000, guid: 600c8fdbe455f25489a20a81c7176ca9, type: 3}
--- !u!1 &2109311201
GameObject:
  m_ObjectHideFlags: 0
  m_CorrespondingSourceObject: {fileID: 0}
  m_PrefabInstance: {fileID: 0}
  m_PrefabAsset: {fileID: 0}
  serializedVersion: 6
  m_Component:
  - component: {fileID: 2109311205}
  - component: {fileID: 2109311204}
  - component: {fileID: 2109311203}
  - component: {fileID: 2109311202}
  m_Layer: 5
  m_Name: Canvas
  m_TagString: Untagged
  m_Icon: {fileID: 0}
  m_NavMeshLayer: 0
  m_StaticEditorFlags: 0
  m_IsActive: 1
--- !u!114 &2109311202
MonoBehaviour:
  m_ObjectHideFlags: 0
  m_CorrespondingSourceObject: {fileID: 0}
  m_PrefabInstance: {fileID: 0}
  m_PrefabAsset: {fileID: 0}
  m_GameObject: {fileID: 2109311201}
  m_Enabled: 1
  m_EditorHideFlags: 0
  m_Script: {fileID: 11500000, guid: dc42784cf147c0c48a680349fa168899, type: 3}
  m_Name: 
  m_EditorClassIdentifier: 
  m_IgnoreReversedGraphics: 1
  m_BlockingObjects: 0
  m_BlockingMask:
    serializedVersion: 2
    m_Bits: 4294967295
--- !u!114 &2109311203
MonoBehaviour:
  m_ObjectHideFlags: 0
  m_CorrespondingSourceObject: {fileID: 0}
  m_PrefabInstance: {fileID: 0}
  m_PrefabAsset: {fileID: 0}
  m_GameObject: {fileID: 2109311201}
  m_Enabled: 1
  m_EditorHideFlags: 0
  m_Script: {fileID: 11500000, guid: 0cd44c1031e13a943bb63640046fad76, type: 3}
  m_Name: 
  m_EditorClassIdentifier: 
  m_UiScaleMode: 0
  m_ReferencePixelsPerUnit: 100
  m_ScaleFactor: 1
  m_ReferenceResolution: {x: 800, y: 600}
  m_ScreenMatchMode: 0
  m_MatchWidthOrHeight: 0
  m_PhysicalUnit: 3
  m_FallbackScreenDPI: 96
  m_DefaultSpriteDPI: 96
  m_DynamicPixelsPerUnit: 1
--- !u!223 &2109311204
Canvas:
  m_ObjectHideFlags: 0
  m_CorrespondingSourceObject: {fileID: 0}
  m_PrefabInstance: {fileID: 0}
  m_PrefabAsset: {fileID: 0}
  m_GameObject: {fileID: 2109311201}
  m_Enabled: 1
  serializedVersion: 3
  m_RenderMode: 0
  m_Camera: {fileID: 0}
  m_PlaneDistance: 100
  m_PixelPerfect: 0
  m_ReceivesEvents: 1
  m_OverrideSorting: 0
  m_OverridePixelPerfect: 0
  m_SortingBucketNormalizedSize: 0
  m_AdditionalShaderChannelsFlag: 0
  m_SortingLayerID: 0
  m_SortingOrder: 0
  m_TargetDisplay: 0
--- !u!224 &2109311205
RectTransform:
  m_ObjectHideFlags: 0
  m_CorrespondingSourceObject: {fileID: 0}
  m_PrefabInstance: {fileID: 0}
  m_PrefabAsset: {fileID: 0}
  m_GameObject: {fileID: 2109311201}
  m_LocalRotation: {x: 0, y: 0, z: 0, w: 1}
  m_LocalPosition: {x: 0, y: 0, z: 0}
  m_LocalScale: {x: 0, y: 0, z: 0}
  m_Children:
  - {fileID: 532584933}
  - {fileID: 1975057435}
  - {fileID: 819418872}
  - {fileID: 1367476419}
  - {fileID: 997996934}
  m_Father: {fileID: 0}
  m_RootOrder: 18
  m_LocalEulerAnglesHint: {x: 0, y: 0, z: 0}
  m_AnchorMin: {x: 0, y: 0}
  m_AnchorMax: {x: 0, y: 0}
  m_AnchoredPosition: {x: 0, y: 0}
  m_SizeDelta: {x: 0, y: 0}
  m_Pivot: {x: 0, y: 0}
--- !u!1001 &2111193813
PrefabInstance:
  m_ObjectHideFlags: 0
  serializedVersion: 2
  m_Modification:
    m_TransformParent: {fileID: 0}
    m_Modifications:
    - target: {fileID: 7752073474511235387, guid: f8802717a1fb95640b6b4bcdf2ef1751,
        type: 3}
      propertyPath: m_Name
      value: Enemy4
      objectReference: {fileID: 0}
    - target: {fileID: 7752073474511235388, guid: f8802717a1fb95640b6b4bcdf2ef1751,
        type: 3}
      propertyPath: m_LocalPosition.x
      value: -9.591432
      objectReference: {fileID: 0}
    - target: {fileID: 7752073474511235388, guid: f8802717a1fb95640b6b4bcdf2ef1751,
        type: 3}
      propertyPath: m_LocalPosition.y
      value: -2.7217898
      objectReference: {fileID: 0}
    - target: {fileID: 7752073474511235388, guid: f8802717a1fb95640b6b4bcdf2ef1751,
        type: 3}
      propertyPath: m_LocalPosition.z
      value: 0
      objectReference: {fileID: 0}
    - target: {fileID: 7752073474511235388, guid: f8802717a1fb95640b6b4bcdf2ef1751,
        type: 3}
      propertyPath: m_LocalRotation.x
      value: 0
      objectReference: {fileID: 0}
    - target: {fileID: 7752073474511235388, guid: f8802717a1fb95640b6b4bcdf2ef1751,
        type: 3}
      propertyPath: m_LocalRotation.y
      value: 0
      objectReference: {fileID: 0}
    - target: {fileID: 7752073474511235388, guid: f8802717a1fb95640b6b4bcdf2ef1751,
        type: 3}
      propertyPath: m_LocalRotation.z
      value: 0
      objectReference: {fileID: 0}
    - target: {fileID: 7752073474511235388, guid: f8802717a1fb95640b6b4bcdf2ef1751,
        type: 3}
      propertyPath: m_LocalRotation.w
      value: 1
      objectReference: {fileID: 0}
    - target: {fileID: 7752073474511235388, guid: f8802717a1fb95640b6b4bcdf2ef1751,
        type: 3}
      propertyPath: m_RootOrder
      value: 4
      objectReference: {fileID: 0}
    - target: {fileID: 7752073474511235388, guid: f8802717a1fb95640b6b4bcdf2ef1751,
        type: 3}
      propertyPath: m_LocalEulerAnglesHint.x
      value: 0
      objectReference: {fileID: 0}
    - target: {fileID: 7752073474511235388, guid: f8802717a1fb95640b6b4bcdf2ef1751,
        type: 3}
      propertyPath: m_LocalEulerAnglesHint.y
      value: 0
      objectReference: {fileID: 0}
    - target: {fileID: 7752073474511235388, guid: f8802717a1fb95640b6b4bcdf2ef1751,
        type: 3}
      propertyPath: m_LocalEulerAnglesHint.z
      value: 0
      objectReference: {fileID: 0}
    m_RemovedComponents: []
  m_SourcePrefab: {fileID: 100100000, guid: f8802717a1fb95640b6b4bcdf2ef1751, type: 3}
